<?xml version="1.0" encoding="UTF-8"?><collection xmlns="http://www.loc.gov/MARC21/slim"><record><leader>00495nam--2200145-i-4500</leader><controlfield tag="001">000024240</controlfield><controlfield tag="002">20161230</controlfield><controlfield tag="005">20161230201035</controlfield><controlfield tag="008">060222s1000------------r-----000-0-eng-d</controlfield><datafield ind1=" " ind2=" " tag="080"><subfield code="a">661.666:542(043)</subfield></datafield><datafield ind1=" " ind2=" " tag="100"><subfield code="a">Hamwi, Abdullah</subfield></datafield><datafield ind1=" " ind2=" " tag="245"><subfield code="a">Etudes cinetique et structurale de l`insertion dans le graphite. composes:graphite-fluorure metalique graphite-metal alcalin-molecule orgganique. these</subfield></datafield><datafield ind1=" " ind2=" " tag="260"><subfield code="a">Grenoble, Univ.Scientifique Et Medicale, 1981. 158 P</subfield></datafield><datafield ind1=" " ind2=" " tag="490"><subfield code="a">These</subfield></datafield><datafield ind1=" " ind2=" " tag="852"><subfield code="a">71180</subfield></datafield></record></collection>